<?xml version="1.0" encoding="UTF-8"?><collection xmlns="http://www.loc.gov/MARC21/slim"><record><leader>00326nam--2200133-i-4500</leader><controlfield tag="001">000012626</controlfield><controlfield tag="002">20161230</controlfield><controlfield tag="005">20161230201029</controlfield><controlfield tag="008">060222s1000------------r-----000-0-eng-d</controlfield><datafield ind1=" " ind2=" " tag="080"><subfield code="a">778.38</subfield></datafield><datafield ind1=" " ind2=" " tag="245"><subfield code="a">Advances in holography</subfield></datafield><datafield ind1=" " ind2=" " tag="260"><subfield code="a">New York, Marcel Dekker, Inc., 1975. Xi+251p</subfield></datafield><datafield ind1=" " ind2=" " tag="700"><subfield code="a">Farhat, H.Nabil</subfield></datafield><datafield ind1=" " ind2=" " tag="852"><subfield code="a">45933</subfield></datafield></record></collection>